<?xml version="1.0" encoding="UTF-8"?><collection xmlns="http://www.loc.gov/MARC21/slim"><record><leader>00432nam--2200169-i-4500</leader><controlfield tag="001">000048914</controlfield><controlfield tag="002">20161230</controlfield><controlfield tag="005">20170108211436</controlfield><controlfield tag="008">060222s1000------------r-----000-0-eng-d</controlfield><datafield ind1=" " ind2=" " tag="080"><subfield code="a">615:547.07:621.039.85</subfield></datafield><datafield ind1=" " ind2=" " tag="245"><subfield code="a">Radioactive pharmaceuticals</subfield></datafield><datafield ind1=" " ind2=" " tag="260"><subfield code="a">Oak Ridge</subfield><subfield code="b">U.S.A.E.C</subfield><subfield code="c">1966</subfield></datafield><datafield ind1=" " ind2=" " tag="300"><subfield code="a">VIII+728 p</subfield></datafield><datafield ind1=" " ind2=" " tag="490"><subfield code="a">Aec Symposium Series</subfield></datafield><datafield ind1=" " ind2=" " tag="700"><subfield code="a">Kniseley, Ralph M</subfield></datafield><datafield ind1=" " ind2=" " tag="852"><subfield code="a">34944</subfield></datafield><datafield ind1=" " ind2=" " tag="CAT"><subfield code="a">SYS</subfield><subfield code="c">20170108</subfield><subfield code="h">211436</subfield></datafield></record></collection>